@ONLINE{markuplanguages,
  author = {Christensson, Per.},
  title = {Markup Language Definition.},
  month = JUN,
  year = {2011},
  accessed = {14 Jan 2018},
  url = {https://techterms.com/definition/markup_language}
}