@ONLINE{markuplanguages,
  author = {Christensson, Per.},
  title = {Markup Language Definition.},
  month = June,
  year = {2011},
  accessed = {14 Jan 2018},
  url = {https://techterms.com/definition/markup_language}
}

@ONLINE{fluentinterface,
  author = {Fowler, Martin},
  title = {Fluent Interfaces},
  month = Dec.,
  year = {2005},
  accessed = {30 Aug 2018},
  url = {https://martinfowler.com/bliki/FluentInterface.html}
}

@ONLINE{dsl,
  author = {Fowler, Martin},
  title = {Domain Specific Languages},
  month = May,
  year = {2008},
  accessed = {30 Aug 2018},
  url = {https://martinfowler.com/bliki/DomainSpecificLanguage.html}
}

@BOOK{dslbook,
 author = {Fowler, Martin},
 title = {Domain Specific Languages},
 year = {2010},
 isbn = {0321712943, 9780321712943},
 edition = {1st},
 publisher = {Addison-Wesley Professional}
} 

@ONLINE{xsdrules,
  author = {Walmsley, Priscilla},
  title = {XML Schema},
  month = Jan,
  year = {2004},
  accessed = {31 Aug 2018},
  url = {http://www.datypic.com/sc/xsd/s-xmlschema.xsd.html}
}

@book{gamma1994design,
  added-at = {2010-06-05T16:40:25.000+0200},
  asin = {0201633612},
  author = {Gamma, Erich and Helm, Richard and Johnson, Ralph and Vlissides, John M.},
  biburl = {https://www.bibsonomy.org/bibtex/27e3f1154ab1fbce54752a46dba7f2217/pnk},
  description = {Amazon.com: Design Patterns: Elements of Reusable Object-Oriented Software (9780201633610): Erich Gamma, Richard Helm, Ralph Johnson, John M. Vlissides: Books},
  dewey = {005.12},
  ean = {9780201633610},
  edition = 1,
  interhash = {7fe32957be97afaf4ecb38b5490d23b4},
  intrahash = {7e3f1154ab1fbce54752a46dba7f2217},
  isbn = {0201633612},
  keywords = {DBIS Design Object-Oriented Patterns SS2010 Seminar Software},
  publisher = {Addison-Wesley Professional},
  timestamp = {2010-06-05T16:40:25.000+0200},
  title = {Design Patterns: Elements of Reusable Object-Oriented Software},
  url = {http://www.amazon.com/Design-Patterns-Elements-Reusable-Object-Oriented/dp/0201633612/ref=ntt_at_ep_dpi_1},
  year = 1994
}

@ONLINE{htmlflow,
  author = {Fernando Miguel Carvalho},
  title = {HtmlFlow},
  accessed = {28 Sept 2018},
  url = {https://github.com/xmlet/HtmlFlow}
}

@ONLINE{freemarker,
  author = {Apache},
  title = {Apache Freemarker},
  month = Feb,
  year = {2015},
  accessed = {21 Sept 2018},
  url = {https://freemarker.apache.org/}
}

@ONLINE{handlebars,
  author = {Yehuda Katz},
  title = {Handlebars},
  accessed = {21 Sept 2018},
  url = {http://handlebarsjs.com/}
}

@ONLINE{mustache,
  author = {Mustache},
  title = {Mustache},
  accessed = {21 Sept 2018},
  url = {https://mustache.github.io/}
}

@ONLINE{pebble,
  author = {Pebble},
  title = {Pebble},
  accessed = {21 Sept 2018},
  url = {https://github.com/PebbleTemplates/pebble}
}

@ONLINE{thymeleaf,
  author = {Thymeleaf},
  title = {Thymeleaf},
  accessed = {21 Sept 2018},
  url = {https://www.thymeleaf.org/}
}

@ONLINE{trimou,
  author = {Trimou},
  title = {Trimou},
  accessed = {21 Sept 2018},
  url = {http://trimou.org/}
}

@ONLINE{velocity,
  author = {Velocity},
  title = {Velocity},
  accessed = {21 Sept 2018},
  url = {http://velocity.apache.org/}
}

@ONLINE{rocker,
  author = {Rocker},
  title = {Rocker},
  accessed = {21 Sept 2018},
  url = {https://github.com/fizzed/rocker}
}

@ONLINE{templatebenchmark,
  author = {Mitchell BÃ¶secke},
  title = {Template Benchmark},
  accessed = {28 Sept 2018},
  url = {https://github.com/mbosecke/template-benchmark}
}


@ONLINE{springbenchmark,
  author = {Jeroen Reijn},
  title = {spring-comparing-template-engines},
  accessed = {28 Sept 2018},
  url = {https://github.com/jreijn/spring-comparing-template-engines}
}

@ONLINE{listtemplateengines,
  author = {Wikipedia},
  title = {Comparison of web template engines},
  accessed = {28 Sept 2018},
  url = {https://en.wikipedia.org/wiki/Comparison_of_web_template_engines}
}

@ONLINE{j2html,
  author = {J2Html},
  title = {J2Html},
  accessed = {28 Sept 2018},
  url = {https://j2html.com/}
}

@ONLINE{kotlin,
  author = {Kotlin},
  title = {Kotlin},
  accessed = {28 Sept 2018},
  url = {https://kotlinlang.org/}
}

@ONLINE{kotlinx,
  author = {Kotlin},
  title = {KotlinX},
  accessed = {28 Sept 2018},
  url = {https://github.com/Kotlin/kotlinx.html}
}

@ONLINE{asm,
  author = {ASM},
  title = {ASM},
  accessed = {28 Sept 2018},
  url = {https://asm.ow2.io/}
}

@ONLINE{maven,
  author = {Apache Maven},
  title = {Maven},
  accessed = {28 Sept 2018},
  url = {https://maven.apache.org/}
}

@ONLINE{mavenlifecycle,
  author = {Apache Maven},
  title = {Introduction to the Build Lifecycle},
  accessed = {28 Sept 2018},
  url = {http://maven.apache.org/guides/introduction/introduction-to-the-lifecycle.html}
}

@ONLINE{fernflower,
  author = {Windup},
  title = {Fernflower Decompiler Github},
  accessed = {28 Sept 2018},
  url = {https://github.com/windup/windup/tree/master/decompiler/impl-fernflower}
}

@ONLINE{intellij,
  author = {Jetbrains},
  title = {Intellij Integrated Development Environment},
  accessed = {28 Sept 2018},
  url = {https://www.jetbrains.com/idea/}
}

@ONLINE{jmh,
  author = {Oracle},
  title = {Java Microbenchmark Harness},
  accessed = {28 Sept 2018},
  url = {http://openjdk.java.net/projects/code-tools/jmh/}
}

@ONLINE{sql,
  author = {Technopedia},
  title = {Structured Query Language},
  accessed = {28 Sept 2018},
  url = {https://www.techopedia.com/definition/1245/structured-query-language-sql}
}

@ONLINE{ant,
  author = {Technopedia},
  title = {Apache Ant},
  accessed = {28 Sept 2018},
  url = {https://www.techopedia.com/definition/16219/apache-ant}
}

@ONLINE{make,
  author = {Technopedia},
  title = {Make},
  accessed = {28 Sept 2018},
  url = {https://www.techopedia.com/definition/16406/make}
}

@ONLINE{jmock,
  author = {JMock},
  title = {JMock},
  accessed = {28 Sept 2018},
  url = {http://jmock.org/}
}

@ONLINE{android,
  author = {Android},
  title = {Android},
  accessed = {28 Sept 2018},
  url = {https://www.android.com/}
}