@ONLINE{markuplanguages,
  author = {Christensson, Per.},
  title = {Markup Language Definition.},
  month = JUN,
  year = {2011},
  url = {https://techterms.com/definition/markup_language}
}

Christensson, Per. "Markup Language Definition." TechTerms. (June 1, 2011). Accessed Jan 14, 2018. .